<record><leader>00000cas a22000007a 4500</leader><controlfield tag="001">18405574</controlfield><controlfield tag="008">880826d19551969txuwr ne      0    0eng d</controlfield><datafield ind1=" " ind2=" " tag="010"><subfield code="a">sn 88084160 </subfield></datafield><datafield ind1=" " ind2=" " tag="040"><subfield code="a">PPM</subfield><subfield code="b">eng</subfield><subfield code="c">PPM</subfield><subfield code="d">NSD</subfield><subfield code="d">PPM</subfield><subfield code="d">OCLCQ</subfield></datafield><datafield ind1=" " ind2=" " tag="042"><subfield code="a">msc</subfield></datafield><datafield ind1="0" ind2="4" tag="245"><subfield code="a">The McGregor mirror.</subfield></datafield><datafield ind1=" " ind2=" " tag="260"><subfield code="a">McGregor, Tex. :</subfield><subfield code="b">Mirror Print. Co.,</subfield><subfield code="c">1955-</subfield></datafield><datafield ind1=" " ind2=" " tag="310"><subfield code="a">Weekly</subfield></datafield><datafield ind1="0" ind2=" " tag="362"><subfield code="a">Vol. 67, no. 17 (Nov. 4, 1955)-</subfield></datafield><datafield ind1="1" ind2=" " tag="362"><subfield code="a">Ceased in 1969.</subfield></datafield><datafield ind1=" " ind2=" " tag="752"><subfield code="a">United States</subfield><subfield code="b">Texas</subfield><subfield code="c">McLennan</subfield><subfield code="d">McGregor.</subfield></datafield><datafield ind1="0" ind2="0" tag="780"><subfield code="t">McGregor mirror and herald-observer</subfield><subfield code="w">(DLC)sn 87090995</subfield></datafield><datafield ind1="0" ind2="7" tag="785"><subfield code="t">Crawford sun</subfield><subfield code="w">(DLC)sn 86088535</subfield><subfield code="w">(OCoLC)14126193</subfield></datafield><datafield ind1="0" ind2="7" tag="785"><subfield code="t">McGregor mirror and the Crawford sun</subfield><subfield code="x">1044-0348</subfield><subfield code="w">(DLC)sn 86089738</subfield><subfield code="w">(OCoLC)14442617</subfield></datafield></record>